<?xml version="1.0" encoding="UTF-8"?>
<record>
  <leader>02446nas#a2200505#ca4500</leader>
  <controlfield tag="005">20210407211019.0</controlfield>
  <controlfield tag="007">tu</controlfield>
  <controlfield tag="008">991118m19552004sz##|#p##s####|####|eng#c</controlfield>
  <controlfield tag="003">DE-605</controlfield>
  <controlfield tag="001">990054215550206441</controlfield>
  <datafield tag="016" ind1="7" ind2=" ">
    <subfield code="a">645358650</subfield>
    <subfield code="2">OCoLC</subfield>
  </datafield>
  <datafield tag="016" ind1="7" ind2=" ">
    <subfield code="a">010014802</subfield>
    <subfield code="2">DE-101b</subfield>
  </datafield>
  <datafield tag="016" ind1="7" ind2=" ">
    <subfield code="a">1257-9</subfield>
    <subfield code="2">DE-600</subfield>
  </datafield>
  <datafield tag="022" ind1=" " ind2=" ">
    <subfield code="a">0066-3859</subfield>
    <subfield code="0">(uri) http://worldcat.org/issn/0066-3859</subfield>
  </datafield>
  <datafield tag="022" ind1=" " ind2=" ">
    <subfield code="a">0250-9911</subfield>
    <subfield code="0">(uri) http://worldcat.org/issn/0250-9911</subfield>
  </datafield>
  <datafield tag="035" ind1=" " ind2=" ">
    <subfield code="a">(DE-605)HT002619538</subfield>
  </datafield>
  <datafield tag="040" ind1=" " ind2=" ">
    <subfield code="a">9001</subfield>
    <subfield code="b">ger</subfield>
    <subfield code="c">DNB</subfield>
    <subfield code="d">9001</subfield>
    <subfield code="e">rakddb</subfield>
  </datafield>
  <datafield tag="041" ind1=" " ind2=" ">
    <subfield code="a">eng</subfield>
    <subfield code="a">fre</subfield>
    <subfield code="a">rus</subfield>
  </datafield>
  <datafield tag="044" ind1=" " ind2=" ">
    <subfield code="c">XA-CH</subfield>
  </datafield>
  <datafield tag="084" ind1=" " ind2=" ">
    <subfield code="a">050</subfield>
    <subfield code="q">DE-101</subfield>
    <subfield code="2">sdnb</subfield>
  </datafield>
  <datafield tag="084" ind1=" " ind2=" ">
    <subfield code="a">310</subfield>
    <subfield code="q">DE-600</subfield>
    <subfield code="2">zdbs</subfield>
  </datafield>
  <datafield tag="245" ind1="0" ind2="0">
    <subfield code="a">Annual bulletin of transport statistics for Europe and North America</subfield>
    <subfield code="b"> = Bulletin annuel de statistiques des transports pour l'Europe et l'Amérique du Nord = Ežegodnyj bjulleten' statistiki transporta dlja Evropy i Severnoj Ameriki</subfield>
    <subfield code="c">Economic Commission for Europe, Transport Division, United Nations</subfield>
  </datafield>
  <datafield tag="246" ind1="1" ind2="1">
    <subfield code="a">Bulletin annuel de statistiques des transports pour l'Europe et l'Amérique du Nord</subfield>
  </datafield>
  <datafield tag="246" ind1="1" ind2="1">
    <subfield code="a">Ežegodnyj bjulleten' statistiki transporta dlja Evropy i Severnoj Ameriki</subfield>
  </datafield>
  <datafield tag="246" ind1="3" ind2=" ">
    <subfield code="a">Bulletin annuel de statistiques des transports pour l'Europe et l'Amérique du Nord</subfield>
  </datafield>
  <datafield tag="246" ind1="3" ind2=" ">
    <subfield code="a">Ežegodnyj bjulleten' statistiki transporta dlja Evropy i Severnoj Ameriki</subfield>
  </datafield>
  <datafield tag="246" ind1="3" ind2=" ">
    <subfield code="a">Annual bulletin of transport statistics for Europe</subfield>
  </datafield>
  <datafield tag="246" ind1="3" ind2=" ">
    <subfield code="a">Bulletin annuel de statistiques de transports européens</subfield>
  </datafield>
  <datafield tag="246" ind1="3" ind2=" ">
    <subfield code="a">Ežegodnyj bjulleten' evropejskoj statistiki transporta</subfield>
  </datafield>
  <datafield tag="264" ind1="3" ind2="1">
    <subfield code="a">Genève [u.a.]</subfield>
    <subfield code="b">UN</subfield>
    <subfield code="c">1955-2004</subfield>
  </datafield>
  <datafield tag="362" ind1="0" ind2=" ">
    <subfield code="a">6.1954(1955) - 52.2004</subfield>
  </datafield>
  <datafield tag="500" ind1=" " ind2=" ">
    <subfield code="a">Hauptsacht. bis 44.1994: Annual bulletin of transport statistics for Europe</subfield>
    <subfield code="9">F:507</subfield>
  </datafield>
  <datafield tag="500" ind1=" " ind2=" ">
    <subfield code="a">Parallelsacht. bis 44.1994: Bulletin annuel de statistiques de transports européens</subfield>
    <subfield code="9">F:507</subfield>
  </datafield>
  <datafield tag="500" ind1=" " ind2=" ">
    <subfield code="a">Parallelsacht. bis 44.1994: Ežegodnyj bjulleten' evropejskoj statistiki transporta</subfield>
    <subfield code="9">F:507</subfield>
  </datafield>
  <datafield tag="546" ind1=" " ind2=" ">
    <subfield code="a">Text engl., franz. u. russ.</subfield>
  </datafield>
  <datafield tag="591" ind1=" " ind2=" ">
    <subfield code="a">FA!C!89!(04-07-05)</subfield>
  </datafield>
  <datafield tag="710" ind1="2" ind2=" ">
    <subfield code="a">Vereinte Nationen</subfield>
    <subfield code="b">Wirtschaftskommission für Europa</subfield>
    <subfield code="0">(DE-588)2023669-4</subfield>
    <subfield code="4">oth</subfield>
    <subfield code="0">(uri) https://portal.dnb.de/opac.htm?method=simpleSearch&amp;cqlMode=true&amp;query=idn=004811186</subfield>
    <subfield code="0">(uri) http://viaf.org/viaf/sourceID/DNB|004811186</subfield>
    <subfield code="B">GND-004811186</subfield>
  </datafield>
  <datafield tag="780" ind1="0" ind2="0">
    <subfield code="i">Vorg.: ---&gt;</subfield>
    <subfield code="t">Annual bulletin of transport statistics</subfield>
    <subfield code="w">(DE-605)HT007026410</subfield>
  </datafield>
  <datafield tag="785" ind1="0" ind2="0">
    <subfield code="i">Forts. als Online-Ausg. ---&gt;</subfield>
    <subfield code="t">Annual bulletin of transport statistics for Europe and North America</subfield>
    <subfield code="w">(DE-605)HT014419735</subfield>
  </datafield>
  <datafield tag="964" ind1="0" ind2="s">
    <subfield code="F">030</subfield>
    <subfield code="A">a||da||||||37</subfield>
  </datafield>
  <datafield tag="964" ind1="0" ind2="s">
    <subfield code="F">050</subfield>
    <subfield code="A">a|a|||||||||||</subfield>
  </datafield>
  <datafield tag="964" ind1="0" ind2="s">
    <subfield code="F">052</subfield>
    <subfield code="A">pst||||t|||||||</subfield>
  </datafield>
  <datafield tag="035" ind1=" " ind2=" ">
    <subfield code="a">(OCoLC)645358650</subfield>
    <subfield code="0">(uri) http://www.worldcat.org/oclc/645358650</subfield>
  </datafield>
  <datafield tag="035" ind1=" " ind2=" ">
    <subfield code="a">(DE-600)1257-9</subfield>
  </datafield>
  <datafield tag="035" ind1=" " ind2=" ">
    <subfield code="a">(DE-599)ZDB1257-9</subfield>
  </datafield>
  <datafield tag="MBD" ind1=" " ind2=" ">
    <subfield code="M">49HBZ_NETWORK</subfield>
    <subfield code="i">990054215550206441</subfield>
    <subfield code="n">HBZ Network</subfield>
  </datafield>
  <datafield tag="MNG" ind1=" " ind2=" ">
    <subfield code="c">System</subfield>
    <subfield code="f">ILS</subfield>
    <subfield code="i">marc21</subfield>
    <subfield code="k">01</subfield>
    <subfield code="e">false</subfield>
    <subfield code="d">2021-04-07 21:10:20 Europe/Berlin</subfield>
    <subfield code="g">005421555-HBZ01</subfield>
    <subfield code="j">90</subfield>
    <subfield code="a">import</subfield>
    <subfield code="b">2021-04-06 00:46:03 Europe/Berlin</subfield>
  </datafield>
  <datafield tag="GKT" ind1="2" ind2=" ">
    <subfield code="a">UNECE</subfield>
    <subfield code="4">abku</subfield>
    <subfield code="4">http://d-nb.info/standards/elementset/gnd#abbreviatedNameForTheCorporateBody</subfield>
    <subfield code="w">r</subfield>
    <subfield code="i">Abkuerzung</subfield>
    <subfield code="e">Abkuerzung</subfield>
    <subfield code="A">GND</subfield>
    <subfield code="B">GND-004811186</subfield>
    <subfield code="C">410</subfield>
  </datafield>
  <datafield tag="GKT" ind1="2" ind2=" ">
    <subfield code="a">Vereinte Nationen</subfield>
    <subfield code="b">Economic Commission for Europe</subfield>
    <subfield code="A">GND</subfield>
    <subfield code="B">GND-004811186</subfield>
    <subfield code="C">410</subfield>
  </datafield>
  <datafield tag="GKT" ind1="2" ind2=" ">
    <subfield code="a">UN-ECE</subfield>
    <subfield code="4">abku</subfield>
    <subfield code="4">http://d-nb.info/standards/elementset/gnd#abbreviatedNameForTheCorporateBody</subfield>
    <subfield code="w">r</subfield>
    <subfield code="i">Abkuerzung</subfield>
    <subfield code="e">Abkuerzung</subfield>
    <subfield code="A">GND</subfield>
    <subfield code="B">GND-004811186</subfield>
    <subfield code="C">410</subfield>
  </datafield>
  <datafield tag="GKT" ind1="2" ind2=" ">
    <subfield code="a">Wirtschaftskommission für Europa</subfield>
    <subfield code="A">GND</subfield>
    <subfield code="B">GND-004811186</subfield>
    <subfield code="C">410</subfield>
  </datafield>
  <datafield tag="GKT" ind1="2" ind2=" ">
    <subfield code="a">Wirtschaftskommission der Vereinten Nationen für Europa</subfield>
    <subfield code="4">nauv</subfield>
    <subfield code="4">http://d-nb.info/standards/elementset/gnd#variantName</subfield>
    <subfield code="w">r</subfield>
    <subfield code="i">Unveraenderte Form</subfield>
    <subfield code="e">Unveraenderte Form</subfield>
    <subfield code="A">GND</subfield>
    <subfield code="B">GND-004811186</subfield>
    <subfield code="C">410</subfield>
  </datafield>
  <datafield tag="GKT" ind1="2" ind2=" ">
    <subfield code="a">Vereinte Nationen</subfield>
    <subfield code="b">Commission économique pour l'Europe</subfield>
    <subfield code="A">GND</subfield>
    <subfield code="B">GND-004811186</subfield>
    <subfield code="C">410</subfield>
  </datafield>
  <datafield tag="GKT" ind1="2" ind2=" ">
    <subfield code="a">CEE</subfield>
    <subfield code="4">abku</subfield>
    <subfield code="4">http://d-nb.info/standards/elementset/gnd#abbreviatedNameForTheCorporateBody</subfield>
    <subfield code="w">r</subfield>
    <subfield code="i">Abkuerzung</subfield>
    <subfield code="e">Abkuerzung</subfield>
    <subfield code="A">GND</subfield>
    <subfield code="B">GND-004811186</subfield>
    <subfield code="C">410</subfield>
  </datafield>
  <datafield tag="GKT" ind1="2" ind2=" ">
    <subfield code="a">Vereinte Nationen</subfield>
    <subfield code="b">Evropejskaja Ėkonomičeskaja Komissija</subfield>
    <subfield code="A">GND</subfield>
    <subfield code="B">GND-004811186</subfield>
    <subfield code="C">410</subfield>
  </datafield>
  <datafield tag="GKT" ind1="2" ind2=" ">
    <subfield code="a">Evropejskaja Ėkonomičeskaja Komissija</subfield>
    <subfield code="A">GND</subfield>
    <subfield code="B">GND-004811186</subfield>
    <subfield code="C">410</subfield>
  </datafield>
  <datafield tag="GKT" ind1="2" ind2=" ">
    <subfield code="a">Europäische Wirtschaftskommission</subfield>
    <subfield code="A">GND</subfield>
    <subfield code="B">GND-004811186</subfield>
    <subfield code="C">410</subfield>
  </datafield>
  <datafield tag="GKT" ind1="2" ind2=" ">
    <subfield code="a">Vereinte Nationen</subfield>
    <subfield code="b">Wirtschafts- und Sozialrat</subfield>
    <subfield code="b">Wirtschaftskommission für Europa</subfield>
    <subfield code="A">GND</subfield>
    <subfield code="B">GND-004811186</subfield>
    <subfield code="C">410</subfield>
  </datafield>
  <datafield tag="GKT" ind1="2" ind2=" ">
    <subfield code="a">Vereinte Nationen</subfield>
    <subfield code="b">Ėkonomičeskaja Komissija dlja Evropy</subfield>
    <subfield code="A">GND</subfield>
    <subfield code="B">GND-004811186</subfield>
    <subfield code="C">410</subfield>
  </datafield>
  <datafield tag="GKT" ind1="2" ind2=" ">
    <subfield code="a">Ėkonomičeskaja Komissija dlja Evropy</subfield>
    <subfield code="A">GND</subfield>
    <subfield code="B">GND-004811186</subfield>
    <subfield code="C">410</subfield>
  </datafield>
  <datafield tag="GKT" ind1="2" ind2=" ">
    <subfield code="a">Vereinte Nationen</subfield>
    <subfield code="b">Wirtschaftsausschuss für Europa</subfield>
    <subfield code="A">GND</subfield>
    <subfield code="B">GND-004811186</subfield>
    <subfield code="C">410</subfield>
  </datafield>
  <datafield tag="GKT" ind1="2" ind2=" ">
    <subfield code="a">Wirtschaftsausschuss für Europa</subfield>
    <subfield code="A">GND</subfield>
    <subfield code="B">GND-004811186</subfield>
    <subfield code="C">410</subfield>
  </datafield>
  <datafield tag="GKT" ind1="2" ind2=" ">
    <subfield code="a">Vereinte Nationen</subfield>
    <subfield code="b">Európai Gazdasági Bizottság</subfield>
    <subfield code="A">GND</subfield>
    <subfield code="B">GND-004811186</subfield>
    <subfield code="C">410</subfield>
  </datafield>
  <datafield tag="GKT" ind1="2" ind2=" ">
    <subfield code="a">Európai Gazdasági Bizottság</subfield>
    <subfield code="A">GND</subfield>
    <subfield code="B">GND-004811186</subfield>
    <subfield code="C">410</subfield>
  </datafield>
  <datafield tag="GKT" ind1="2" ind2=" ">
    <subfield code="a">ECE</subfield>
    <subfield code="4">abku</subfield>
    <subfield code="4">http://d-nb.info/standards/elementset/gnd#abbreviatedNameForTheCorporateBody</subfield>
    <subfield code="w">r</subfield>
    <subfield code="i">Abkuerzung</subfield>
    <subfield code="e">Abkuerzung</subfield>
    <subfield code="A">GND</subfield>
    <subfield code="B">GND-004811186</subfield>
    <subfield code="C">410</subfield>
  </datafield>
  <datafield tag="GKT" ind1="2" ind2=" ">
    <subfield code="a">Commission économique pour l'Europe</subfield>
    <subfield code="A">GND</subfield>
    <subfield code="B">GND-004811186</subfield>
    <subfield code="C">410</subfield>
  </datafield>
  <datafield tag="GKT" ind1="2" ind2=" ">
    <subfield code="a">Vereinte Nationen</subfield>
    <subfield code="b">Europäische Wirtschaftskommission</subfield>
    <subfield code="A">GND</subfield>
    <subfield code="B">GND-004811186</subfield>
    <subfield code="C">410</subfield>
  </datafield>
  <datafield tag="GKT" ind1="2" ind2=" ">
    <subfield code="a">Economic Commission for Europe</subfield>
    <subfield code="A">GND</subfield>
    <subfield code="B">GND-004811186</subfield>
    <subfield code="C">410</subfield>
  </datafield>
  <datafield tag="GKT" ind1="2" ind2=" ">
    <subfield code="9">L:fre</subfield>
    <subfield code="a">Nations Unies</subfield>
    <subfield code="b">Commission Economique pour l'Europe</subfield>
    <subfield code="5">CH-GND</subfield>
    <subfield code="A">GND</subfield>
    <subfield code="B">GND-004811186</subfield>
    <subfield code="C">410</subfield>
  </datafield>
  <datafield tag="GKT" ind1="2" ind2=" ">
    <subfield code="a">United Nations Economic Commission for Europe</subfield>
    <subfield code="4">nauv</subfield>
    <subfield code="4">http://d-nb.info/standards/elementset/gnd#variantName</subfield>
    <subfield code="w">r</subfield>
    <subfield code="i">Unveraenderte Form</subfield>
    <subfield code="e">Unveraenderte Form</subfield>
    <subfield code="A">GND</subfield>
    <subfield code="B">GND-004811186</subfield>
    <subfield code="C">410</subfield>
  </datafield>
  <datafield tag="GKT" ind1="2" ind2=" ">
    <subfield code="a">Vereinte Nationen</subfield>
    <subfield code="b">Commissione economica per l'Europa</subfield>
    <subfield code="A">GND</subfield>
    <subfield code="B">GND-004811186</subfield>
    <subfield code="C">410</subfield>
  </datafield>
  <datafield tag="GKT" ind1="2" ind2=" ">
    <subfield code="a">Commissione economica per l'Europa</subfield>
    <subfield code="A">GND</subfield>
    <subfield code="B">GND-004811186</subfield>
    <subfield code="C">410</subfield>
  </datafield>
  <datafield tag="GKT" ind1="2" ind2=" ">
    <subfield code="a">Vereinte Nationen</subfield>
    <subfield code="b">Ėkonomičeskaja komissija dlja Evropy</subfield>
    <subfield code="A">GND</subfield>
    <subfield code="B">GND-004811186</subfield>
    <subfield code="C">410</subfield>
  </datafield>
  <datafield tag="GKT" ind1="2" ind2=" ">
    <subfield code="a">Ėkonomičeskaja komissija dlja Evropy</subfield>
    <subfield code="A">GND</subfield>
    <subfield code="B">GND-004811186</subfield>
    <subfield code="C">410</subfield>
  </datafield>
  <datafield tag="GKT" ind1="2" ind2=" ">
    <subfield code="a">Vereinte Nationen</subfield>
    <subfield code="b">European Economic Commission</subfield>
    <subfield code="A">GND</subfield>
    <subfield code="B">GND-004811186</subfield>
    <subfield code="C">410</subfield>
  </datafield>
  <datafield tag="GKT" ind1="2" ind2=" ">
    <subfield code="a">European Economic Commission</subfield>
    <subfield code="A">GND</subfield>
    <subfield code="B">GND-004811186</subfield>
    <subfield code="C">410</subfield>
  </datafield>
  <datafield tag="GKT" ind1="2" ind2=" ">
    <subfield code="a">Economic Commission for Europe</subfield>
    <subfield code="A">GND</subfield>
    <subfield code="B">GND-004811186</subfield>
    <subfield code="C">410</subfield>
  </datafield>
  <datafield tag="GKT" ind1="2" ind2=" ">
    <subfield code="a">Europäische Wirtschaftskommission der Vereinten Nationen</subfield>
    <subfield code="4">nauv</subfield>
    <subfield code="4">http://d-nb.info/standards/elementset/gnd#variantName</subfield>
    <subfield code="w">r</subfield>
    <subfield code="i">Unveraenderte Form</subfield>
    <subfield code="e">Unveraenderte Form</subfield>
    <subfield code="A">GND</subfield>
    <subfield code="B">GND-004811186</subfield>
    <subfield code="C">410</subfield>
  </datafield>
  <datafield tag="GKT" ind1="2" ind2=" ">
    <subfield code="9">L:eng</subfield>
    <subfield code="a">United Nations</subfield>
    <subfield code="b">Economic Commission for Europe</subfield>
    <subfield code="5">CH-GND</subfield>
    <subfield code="A">GND</subfield>
    <subfield code="B">GND-004811186</subfield>
    <subfield code="C">410</subfield>
  </datafield>
  <datafield tag="GSI" ind1="7" ind2=" ">
    <subfield code="a">http://d-nb.info/gnd/2023669-4</subfield>
    <subfield code="2">uri</subfield>
    <subfield code="A">GND</subfield>
    <subfield code="B">GND-004811186</subfield>
    <subfield code="C">024</subfield>
  </datafield>
</record>
